@unpublished{maslovBench,
	author	= "Dmitri Maslov",
	title	= "Reversible Logic Synthesis Benchmarks Page",
	note 	= "last accessed November 2011",
	url	= "http://webhome.cs.uvic.ca/~dmaslov/",
}

@Book{nielsen2000quantum,
  author = "Michael A. Nielsen and Isaac L. Chuang",
  title = {Quantum computation and quantum information},
  publisher = {Cambridge University Press},
  year = {2000},
  address = {Cambridge New York},
  isbn = {0521635039}
}





