@incollection{schadd08,
author = {Schadd, Maarten P. and Winands, Mark H. and Herik, H. Jaap and Chaslot, Guillaume M. and Uiterwijk, Jos W.},
title = {Single-Player Monte-Carlo Tree Search},
booktitle = {Proceedings of the 6th international conference on Computers and Games},
series = {CG '08},
year = {2008},
isbn = {978-3-540-87607-6},
location = {Beijing, China},
pages = {1--12},
numpages = {12},
url = {http://dx.doi.org/10.1007/978-3-540-87608-3\_1},
doi = {http://dx.doi.org/10.1007/978-3-540-87608-3\_1},
acmid = {1428171},
publisher = {Springer-Verlag},
address = {Berlin, Heidelberg},
}

